%YAML 1.1
%TAG !u! tag:unity3d.com,2011:
--- !u!1 &121458
GameObject:
  m_ObjectHideFlags: 0
  m_PrefabParentObject: {fileID: 0}
  m_PrefabInternal: {fileID: 100100000}
  serializedVersion: 4
  m_Component:
  - 4: {fileID: 415366}
  - 114: {fileID: 11435890}
  - 114: {fileID: 11474062}
  m_Layer: 0
  m_Name: Game Controller
  m_TagString: Untagged
  m_Icon: {fileID: 0}
  m_NavMeshLayer: 0
  m_StaticEditorFlags: 0
  m_IsActive: 1
--- !u!4 &415366
Transform:
  m_ObjectHideFlags: 1
  m_PrefabParentObject: {fileID: 0}
  m_PrefabInternal: {fileID: 100100000}
  m_GameObject: {fileID: 121458}
  m_LocalRotation: {x: 0, y: 0, z: 0, w: 1}
  m_LocalPosition: {x: 0, y: 0, z: 0}
  m_LocalScale: {x: 1, y: 1, z: 1}
  m_Children: []
  m_Father: {fileID: 0}
  m_RootOrder: 0
--- !u!114 &11435890
MonoBehaviour:
  m_ObjectHideFlags: 1
  m_PrefabParentObject: {fileID: 0}
  m_PrefabInternal: {fileID: 100100000}
  m_GameObject: {fileID: 121458}
  m_Enabled: 1
  m_EditorHideFlags: 0
  m_Script: {fileID: 11500000, guid: d4e919f493a9a584b91e72d76a9c6ad3, type: 3}
  m_Name: 
  m_EditorClassIdentifier: 
  isPlayerTurn: 0
  areEnemiesMoving: 0
  playerCurrentHealth: 50
  gameOverSound: {fileID: 8300000, guid: bbdad7cac71eab54fb165d6131d31772, type: 3}
--- !u!114 &11474062
MonoBehaviour:
  m_ObjectHideFlags: 1
  m_PrefabParentObject: {fileID: 0}
  m_PrefabInternal: {fileID: 100100000}
  m_GameObject: {fileID: 121458}
  m_Enabled: 1
  m_EditorHideFlags: 0
  m_Script: {fileID: 11500000, guid: d09359536ef0e5944a8ce1c29e58a627, type: 3}
  m_Name: 
  m_EditorClassIdentifier: 
  columns: 10
  rows: 10
  floors:
  - {fileID: 113122, guid: 92307d1618e9dc645b5fdc3e4dcbac64, type: 2}
  - {fileID: 177764, guid: 5b4915811c2b16041a38472bfd0a3ac0, type: 2}
  - {fileID: 191628, guid: b814ad79e4ea93a4a81d1af7e1211483, type: 2}
  - {fileID: 164000, guid: b0310a495ec4f924a95cdbf45e602a4b, type: 2}
  - {fileID: 105080, guid: b57742ab476d59f49acae43d288c6752, type: 2}
  - {fileID: 180742, guid: 5a5fc0f714e2a574a9aabb9770dc9d6e, type: 2}
  - {fileID: 197190, guid: 62de41c4a8da9194d9ac76aea40b0bba, type: 2}
  - {fileID: 172964, guid: 8138ebebb2780c04d80511329df161a3, type: 2}
  outerWalls:
  - {fileID: 147402, guid: 50d0a5791b3696e44b8b8f802f6b7895, type: 2}
  - {fileID: 105106, guid: 928573ba90d83564ab316fd33f93effd, type: 2}
  - {fileID: 121234, guid: 23fa46d783ede52439083918a338efaa, type: 2}
  wallObstacles:
  - {fileID: 198276, guid: 33fed316c30f3af4191a65b543540c4d, type: 2}
  - {fileID: 159188, guid: 8a44cb4d54329b4419fce2ee9b3d2cab, type: 2}
  - {fileID: 184414, guid: a3f9ecba664931d46a0393ba90a08080, type: 2}
  - {fileID: 191812, guid: 21d1cf521d188a3479b0b038fd85dfc5, type: 2}
  - {fileID: 159038, guid: 60d42f15ed83d4443ab02846490d6a66, type: 2}
  - {fileID: 153782, guid: 2485187b95733c341908d90ef2d3ea02, type: 2}
  - {fileID: 164826, guid: f1f512ed3902c5f4aa89c33604f8cba5, type: 2}
  - {fileID: 100188, guid: 3044dec51a0c480429fdc3a1e0af9410, type: 2}
  foodItems:
  - {fileID: 195670, guid: 5a29c0a25c64d084b95cc204303a0e7c, type: 2}
  - {fileID: 165840, guid: 34e11bcfb4f6545478e7d655ac2d3cbd, type: 2}
  enemies:
  - {fileID: 154546, guid: a67852770872a074ba7e71f9d0a64e4a, type: 2}
  - {fileID: 112410, guid: 9dede393d00a6f74f8f7dba5e313dc56, type: 2}
  exit: {fileID: 134334, guid: ce45c30b76567e14d9a41c3a6054f8c4, type: 2}
--- !u!1001 &100100000
Prefab:
  m_ObjectHideFlags: 1
  serializedVersion: 2
  m_Modification:
    m_TransformParent: {fileID: 0}
    m_Modifications: []
    m_RemovedComponents: []
  m_ParentPrefab: {fileID: 0}
  m_RootGameObject: {fileID: 121458}
  m_IsPrefabParent: 1
